@inproceedings{CavnarTrenkle1994,
    author    = {Cavnar, W. B. and Trenkle, J. M.},
    title     = {N-gram-based Text Categorization},
    booktitle = {Proc. 3rd Annual Symp. on Document Analysis and Information Retrieval},
    pages     = {161--175},
    year      = {1994}
}

@article{Jauhiainen2019,
    author  = {Jauhiainen, T. and Jauhiainen, H. and Lind\'{e}n, K.},
    title   = {Automatic Language Identification in Texts: A Survey},
    journal = {J. Assoc. Inf. Sci. Technol.},
    volume  = {70(3)},
    pages   = {275--286},
    year    = {2019}
}

@inproceedings{LuiBaldwin2012,
    author    = {Lui, M. and Baldwin, T.},
    title     = {langid.py: An Off-the-shelf Language Identification Tool},
    booktitle = {Proc. 50th Annual Meeting Assoc. Comput. Linguistics},
    pages     = {139--144},
    year      = {2012}
}

@misc{Nakatani2010,
    author    = {Nakatani, S.},
    title     = {Language Detection Library for Java},
    year      = {2010},
    url       = {http://code.google.com/p/language-detection/}
}

@misc{Lingua2025,
    author    = {Pemistahl, P.},
    title     = {Lingua: Accurate Natural Language Detection Library for Python},
    year      = {2025},
    url       = {https://github.com/pemistahl/lingua-py}
}

@article{JoulinEtAl2016,
    author  = {Joulin, A. and Grave, E. and Bojanowski, P. and Mikolov, T.},
    title   = {Bag of Tricks for Efficient Text Classification},
    journal = {arXiv:1607.01759},
    year    = {2016}
}

@manual{GoogleCLD3,
    author    = {Ooms, J.},
    title     = {cld3: Google's Compact Language Detector 3},
    year      = {2025},
    note      = {R package v1.6.1},
    url       = {https://docs.ropensci.org/cld3/}
}

@article{Thoma2018,
    author = {Thoma, M.},
    title  = {The WiLI benchmark dataset for written language identification},
    journal = {arXiv:1801.07779},
    year   = {2018}
}

@techreport{Caswell2020,
    author = {Caswell, I. et al.},
    title  = {Language ID in the Wild: Challenges on the Path to a Thousand-Language Web Text Corpus},
    year   = {2020},
    note   = {arXiv:2010.14571v2}
}

@misc{Tatoeba2025,
    title  = {Tatoeba: Collection of Translated Example Sentences},
    url    = {https://tatoeba.org/},
    year   = {2025}
}

@article{Burchell2023,
    author = {Burchell, L. et al.},
    title  = {An Open Dataset and Model for Language Identification},
    journal = {Proc. 61st Annual Meeting Assoc. Comput. Linguistics},
    doi    = {10.18653/v1/2023.acl-short.75},
    year   = {2023}
}

@techreport{Goldhahn2012,
    author = {Goldhahn, D. and Eckart, T. and Quasthoff, U.},
    title  = {Building Large Monolingual Dictionaries at the Leipzig Corpora Collection},
    year   = {2012},
    url    = {http://corpora.uni-leipzig.de}
}

@misc{Khan2018,
    author  = {Khan, Z.},
    title   = {Language Identification Dataset},
    year    = {2018},
    url     = {https://www.kaggle.com/datasets/zarajamshaid/language-identification-datasst}
}

@techreport{Vatanen2010,
    author = {Vatanen, T. and V\"{a}yrynen, J. J. and Virpioja, S.},
    title  = {Language Identification of Short Text Segments with N-gram Models},
    year   = {2010}
}

@article{Cortes1995,
    author    = {Cortes, C. and Vapnik, V. and Saitta, L.},
    title     = {Support-Vector Networks},
    journal   = {Machine Learning},
    volume    = {20},
    pages     = {273--297},
    year      = {1995}
}

@article{Hand2001,
    author  = {Hand, D. J. and Yu, K.},
    title   = {Idiot's Bayes - Not so stupid after all?},
    journal = {Int. Stat. Rev.},
    volume  = {69(3)},
    pages   = {385--398},
    year    = {2001}
}

@article{cox1958regression,
    author  = {Cox, D. R.},
    title   = {The regression analysis of binary sequences},
    journal = {J. R. Stat. Soc. Series B},
    volume  = {20(2)},
    pages   = {215--242},
    year    = {1958}
}

@article{Truic2018,
    author = {Truic\u{a}, C.-O. et al.},
    title  = {Automatic Language Identification for Romance Languages using Stop Words and Diacritics},
    journal = {arXiv:1806.05480},
    year   = {2018}
}

@inproceedings{Bhansali2022,
    author = {Bhansali, A. et al.},
    title = {Language Identification Using Machine Learning and Vectorization Techniques},
    booktitle = {Proc. 2nd Int. Conf. ACITE},
    pages = {1329-1334},
    year = {2022}
}

@article{AbhishekPandey2023,
    author = {Abhishek Pandey et al.},
    title = {Exploring advancements in deep learning for NLP tasks},
    journal = {The Scientific Temper},
    volume = {14(4)},
    pages = {1316-1323},
    year = {2023}
}